@Manual{PyCaret,
  author  = {Moez Ali},
  title   = {PyCaret: An open source, low-code machine learning library in Python},
  year    = {2020},
  month   = {April},
  note    = {PyCaret version 1.0.0},
  url     = {https://www.pycaret.org}
}

@article{scikit-learn,
  title={Scikit-learn: Machine Learning in {P}ython},
  author={Pedregosa, F. and Varoquaux, G. and Gramfort, A. and Michel, V.
          and Thirion, B. and Grisel, O. and Blondel, M. and Prettenhofer, P.
          and Weiss, R. and Dubourg, V. and Vanderplas, J. and Passos, A. and
          Cournapeau, D. and Brucher, M. and Perrot, M. and Duchesnay, E.},
  journal={Journal of Machine Learning Research},
  volume={12},
  pages={2825--2830},
  year={2011}
}

@misc{zhang2017gpuacceleration,
      title={GPU-acceleration for Large-scale Tree Boosting}, 
      author={Huan Zhang and Si Si and Cho-Jui Hsieh},
      year={2017},
      eprint={1706.08359},
      archivePrefix={arXiv},
      primaryClass={stat.ML}
}